%YAML 1.1
%TAG !u! tag:unity3d.com,2011:
--- !u!1 &794562600978486018
GameObject:
  m_ObjectHideFlags: 0
  m_CorrespondingSourceObject: {fileID: 0}
  m_PrefabInstance: {fileID: 0}
  m_PrefabAsset: {fileID: 0}
  serializedVersion: 6
  m_Component:
  - component: {fileID: 4030747425260960918}
  - component: {fileID: 5807169901880841553}
  m_Layer: 0
  m_Name: A_Common_Weapon
  m_TagString: Untagged
  m_Icon: {fileID: 0}
  m_NavMeshLayer: 0
  m_StaticEditorFlags: 0
  m_IsActive: 1
--- !u!4 &4030747425260960918
Transform:
  m_ObjectHideFlags: 0
  m_CorrespondingSourceObject: {fileID: 0}
  m_PrefabInstance: {fileID: 0}
  m_PrefabAsset: {fileID: 0}
  m_GameObject: {fileID: 794562600978486018}
  m_LocalRotation: {x: 0, y: 0, z: 0, w: 1}
  m_LocalPosition: {x: 0, y: 0, z: 0}
  m_LocalScale: {x: 1, y: 1, z: 1}
  m_Children:
  - {fileID: 7069915571501660003}
  - {fileID: 2623254161301919266}
  m_Father: {fileID: 0}
  m_RootOrder: 0
  m_LocalEulerAnglesHint: {x: 0, y: 0, z: 0}
--- !u!114 &5807169901880841553
MonoBehaviour:
  m_ObjectHideFlags: 0
  m_CorrespondingSourceObject: {fileID: 0}
  m_PrefabInstance: {fileID: 0}
  m_PrefabAsset: {fileID: 0}
  m_GameObject: {fileID: 794562600978486018}
  m_Enabled: 1
  m_EditorHideFlags: 0
  m_Script: {fileID: 11500000, guid: c0c1ac37f98c83e4ba00c22be6b5b95f, type: 3}
  m_Name: 
  m_EditorClassIdentifier: 
  config: {fileID: 11400000, guid: bd110c7a8d121bc4a9e0965e1fc73f9d, type: 2}
  shootPoint: {fileID: 2623254161301919266}
  bulletPrefab: {fileID: 3921252278238010530, guid: 3cd1bafb48e405746b2acef650780a68,
    type: 3}
--- !u!1 &3864416354924800716
GameObject:
  m_ObjectHideFlags: 0
  m_CorrespondingSourceObject: {fileID: 0}
  m_PrefabInstance: {fileID: 0}
  m_PrefabAsset: {fileID: 0}
  serializedVersion: 6
  m_Component:
  - component: {fileID: 2623254161301919266}
  m_Layer: 0
  m_Name: ShootPoint
  m_TagString: Untagged
  m_Icon: {fileID: 0}
  m_NavMeshLayer: 0
  m_StaticEditorFlags: 0
  m_IsActive: 1
--- !u!4 &2623254161301919266
Transform:
  m_ObjectHideFlags: 0
  m_CorrespondingSourceObject: {fileID: 0}
  m_PrefabInstance: {fileID: 0}
  m_PrefabAsset: {fileID: 0}
  m_GameObject: {fileID: 3864416354924800716}
  m_LocalRotation: {x: 0, y: 0, z: 0, w: 1}
  m_LocalPosition: {x: 0, y: 0.1, z: 0.2734}
  m_LocalScale: {x: 1, y: 1, z: 1}
  m_Children: []
  m_Father: {fileID: 4030747425260960918}
  m_RootOrder: 1
  m_LocalEulerAnglesHint: {x: 0, y: 0, z: 0}
--- !u!1001 &7067088157511270445
PrefabInstance:
  m_ObjectHideFlags: 0
  serializedVersion: 2
  m_Modification:
    m_TransformParent: {fileID: 4030747425260960918}
    m_Modifications:
    - target: {fileID: 1000010286598784, guid: 9bb7bf8080358e349b16f477ea2a65e4, type: 3}
      propertyPath: m_Name
      value: Pistol28
      objectReference: {fileID: 0}
    - target: {fileID: 4000012288636750, guid: 9bb7bf8080358e349b16f477ea2a65e4, type: 3}
      propertyPath: m_LocalPosition.x
      value: 0
      objectReference: {fileID: 0}
    - target: {fileID: 4000012288636750, guid: 9bb7bf8080358e349b16f477ea2a65e4, type: 3}
      propertyPath: m_LocalPosition.y
      value: -0
      objectReference: {fileID: 0}
    - target: {fileID: 4000012288636750, guid: 9bb7bf8080358e349b16f477ea2a65e4, type: 3}
      propertyPath: m_LocalPosition.z
      value: 0
      objectReference: {fileID: 0}
    - target: {fileID: 4000012288636750, guid: 9bb7bf8080358e349b16f477ea2a65e4, type: 3}
      propertyPath: m_LocalRotation.x
      value: 0.000000021855694
      objectReference: {fileID: 0}
    - target: {fileID: 4000012288636750, guid: 9bb7bf8080358e349b16f477ea2a65e4, type: 3}
      propertyPath: m_LocalRotation.y
      value: 0
      objectReference: {fileID: 0}
    - target: {fileID: 4000012288636750, guid: 9bb7bf8080358e349b16f477ea2a65e4, type: 3}
      propertyPath: m_LocalRotation.z
      value: -0
      objectReference: {fileID: 0}
    - target: {fileID: 4000012288636750, guid: 9bb7bf8080358e349b16f477ea2a65e4, type: 3}
      propertyPath: m_LocalRotation.w
      value: 1
      objectReference: {fileID: 0}
    - target: {fileID: 4000012288636750, guid: 9bb7bf8080358e349b16f477ea2a65e4, type: 3}
      propertyPath: m_RootOrder
      value: 0
      objectReference: {fileID: 0}
    - target: {fileID: 4000012288636750, guid: 9bb7bf8080358e349b16f477ea2a65e4, type: 3}
      propertyPath: m_LocalEulerAnglesHint.x
      value: 0
      objectReference: {fileID: 0}
    - target: {fileID: 4000012288636750, guid: 9bb7bf8080358e349b16f477ea2a65e4, type: 3}
      propertyPath: m_LocalEulerAnglesHint.y
      value: 0
      objectReference: {fileID: 0}
    - target: {fileID: 4000012288636750, guid: 9bb7bf8080358e349b16f477ea2a65e4, type: 3}
      propertyPath: m_LocalEulerAnglesHint.z
      value: 0
      objectReference: {fileID: 0}
    m_RemovedComponents: []
  m_SourcePrefab: {fileID: 100100000, guid: 9bb7bf8080358e349b16f477ea2a65e4, type: 3}
--- !u!4 &7069915571501660003 stripped
Transform:
  m_CorrespondingSourceObject: {fileID: 4000012288636750, guid: 9bb7bf8080358e349b16f477ea2a65e4,
    type: 3}
  m_PrefabInstance: {fileID: 7067088157511270445}
  m_PrefabAsset: {fileID: 0}
